@misc{PostgreSQLInternals,
  author = {Hironobu Suzuki},
  title = {The Internals of PostgreSQL
for database administrators and system developers},
  year = 2021,
  url = {https://www.interdb.jp/pg},
  urldate = {2021-01-11}
}

@misc{PostgreSQLDoc,
  author = {PostgreSQL},
  title = {PostgreSQL 13 Documentation},
  year = 2021,
  url = {https://www.postgresql.org/docs/current/},
  urldate = {2021-10-29}
}

@misc{PostgreSQLTOAST,
  author = {Nishanth Shetty},
  title = {A TOAST from PostgreSQL},
  year = 2021,
  url = {https://medium.com/gojekengineering/a-toast-from-postgresql-83b83d0d0683},
  urldate = {2021-01-21}
}


@misc{PostgreSQLHash,
  author = {Haki Benita},
  title = {Re-Introducing Hash Indexes in PostgreSQL},
  year = 2021,
  url = {https://hakibenita.com/postgresql-hash-index},
  urldate = {2021-01-11}
}


@misc{LearnSQL,
  author = {Jakub Romanowski},
  title = {Which Major Companies Use PostgreSQL? What Do They Use It for?},
  year = 2020,
  url = {https://learnsql.com/blog/companies-that-use-postgresql-in-business/},
  urldate = {2021-05-19}
}

@misc{ocacle19c,
  author = {Oracle},
  title = {Database Concepts},
  year = 2021,
  url = {https://docs.oracle.com/en/database/oracle/oracle-database/19/cncpt/},
  urldate = {2021-06-02}
}

@article{stonebraker1986design,
  title={The design of Postgres},
  author={Stonebraker, Michael and Rowe, Lawrence A},
  journal={ACM Sigmod Record},
  volume={15},
  number={2},
  pages={340--355},
  year={1986},
  publisher={ACM New York, NY, USA}
}


@article{ports2012serializable,
  title={Serializable snapshot isolation in PostgreSQL},
  author={Ports, Dan RK and Grittner, Kevin},
  journal={arXiv preprint arXiv:1208.4179},
  year={2012}
}
